<?xml version="1.0" encoding="UTF-8"?><collection xmlns="http://www.loc.gov/MARC21/slim"><record><leader>00386nam--2200157-i-4500</leader><controlfield tag="001">000014455</controlfield><controlfield tag="002">20161230</controlfield><controlfield tag="005">20170208000702</controlfield><controlfield tag="008">060222s1000------------r-----000-0-eng-d</controlfield><datafield ind1=" " ind2=" " tag="100"><subfield code="a">Catt, Ivor</subfield></datafield><datafield ind1=" " ind2=" " tag="245"><subfield code="a">Digital hardware design</subfield></datafield><datafield ind1=" " ind2=" " tag="260"><subfield code="a">London</subfield><subfield code="b">Macmillan Press Ltd</subfield><subfield code="c">1979</subfield></datafield><datafield ind1=" " ind2=" " tag="300"><subfield code="a">95 p</subfield></datafield><datafield ind1=" " ind2=" " tag="700"><subfield code="a">Davidson, Malcolm</subfield></datafield><datafield ind1=" " ind2=" " tag="852"><subfield code="a">681.325.65</subfield></datafield><datafield ind1=" " ind2=" " tag="CAT"><subfield code="a">SYS</subfield><subfield code="c">20170208</subfield><subfield code="h">000702</subfield></datafield></record></collection>